<record><leader>00000cas a22000007a 4500</leader><controlfield tag="001">13452473</controlfield><controlfield tag="008">860418d18821884nmudr ne      0   a0eng d</controlfield><datafield ind1=" " ind2=" " tag="010"><subfield code="a">sn 86063567 </subfield></datafield><datafield ind1=" " ind2=" " tag="040"><subfield code="a">KSH</subfield><subfield code="b">eng</subfield><subfield code="c">KSH</subfield><subfield code="d">NPT</subfield><subfield code="d">UNP</subfield><subfield code="d">PPM</subfield><subfield code="d">NJW</subfield><subfield code="d">NVM</subfield><subfield code="d">OCLCQ</subfield><subfield code="d">CUY</subfield><subfield code="d">OCLCQ</subfield><subfield code="d">OCLCO</subfield><subfield code="d">OCLCF</subfield><subfield code="d">DLC</subfield></datafield><datafield ind1="0" ind2=" " tag="022"><subfield code="a">2375-5938</subfield><subfield code="2">1</subfield></datafield><datafield ind1=" " ind2=" " tag="042"><subfield code="a">msc</subfield><subfield code="a">nsdp</subfield></datafield><datafield ind1=" " ind2=" " tag="043"><subfield code="a">n-us-nm</subfield></datafield><datafield ind1="0" ind2="0" tag="050"><subfield code="a">Newspaper</subfield></datafield><datafield ind1=" " ind2="4" tag="050"><subfield code="a">AN2.N6</subfield><subfield code="b">A42</subfield></datafield><datafield ind1="0" ind2="0" tag="082"><subfield code="a">071</subfield><subfield code="2">23</subfield></datafield><datafield ind1="0" ind2=" " tag="130"><subfield code="a">Albuquerque morning journal (1882)</subfield></datafield><datafield ind1=" " ind2="4" tag="222"><subfield code="a">The Albuquerque morning journal</subfield><subfield code="b">(1882. Print)</subfield></datafield><datafield ind1="1" ind2="4" tag="245"><subfield code="a">The Albuquerque morning journal.</subfield></datafield><datafield ind1="3" ind2="0" tag="246"><subfield code="a">Albuquerque Sunday journal</subfield></datafield><datafield ind1=" " ind2=" " tag="260"><subfield code="a">New Albuquerque, N.M. :</subfield><subfield code="b">Hughes &amp; Messinger</subfield></datafield><datafield ind1=" " ind2=" " tag="300"><subfield code="a">v.</subfield></datafield><datafield ind1=" " ind2=" " tag="310"><subfield code="a">Daily</subfield></datafield><datafield ind1="0" ind2=" " tag="362"><subfield code="a">Vol. 2, no. 86 (Feb. 4, 1882)-v. 4, no. 284 (Oct. 5, 1884).</subfield></datafield><datafield ind1=" " ind2=" " tag="500"><subfield code="a">Sunday issues called: Albuquerque Sunday journal.</subfield></datafield><datafield ind1=" " ind2=" " tag="530"><subfield code="a">Archived issues are available in digital format from the Library of Congress Chronicling America online collection.</subfield></datafield><datafield ind1=" " ind2="0" tag="651"><subfield code="a">Albuquerque (N.M.)</subfield><subfield code="v">Newspapers.</subfield></datafield><datafield ind1=" " ind2="0" tag="651"><subfield code="a">Bernalillo County (N.M.)</subfield><subfield code="v">Newspapers.</subfield></datafield><datafield ind1=" " ind2="7" tag="651"><subfield code="a">New Mexico</subfield><subfield code="z">Albuquerque.</subfield><subfield code="2">fast</subfield><subfield code="0">(OCoLC)fst01205799</subfield></datafield><datafield ind1=" " ind2="7" tag="651"><subfield code="a">New Mexico</subfield><subfield code="z">Bernalillo County.</subfield><subfield code="2">fast</subfield><subfield code="0">(OCoLC)fst01218455</subfield></datafield><datafield ind1=" " ind2="7" tag="655"><subfield code="a">Newspapers.</subfield><subfield code="2">fast</subfield><subfield code="0">(OCoLC)fst01423814</subfield></datafield><datafield ind1=" " ind2=" " tag="752"><subfield code="a">United States</subfield><subfield code="b">New Mexico</subfield><subfield code="c">Bernalillo</subfield><subfield code="d">Albuquerque.</subfield></datafield><datafield ind1="0" ind2=" " tag="775"><subfield code="t">Albuquerque weekly journal</subfield><subfield code="w">(DLC)sn 86063829</subfield></datafield><datafield ind1="0" ind2="8" tag="776"><subfield code="i">Online version:</subfield><subfield code="t">Albuquerque morning journal (1882)</subfield><subfield code="x">2375-5946</subfield><subfield code="w">(DLC)  2014218700</subfield><subfield code="w">(OCoLC)893559515</subfield></datafield><datafield ind1="0" ind2="0" tag="780"><subfield code="t">Albuquerque daily journal</subfield><subfield code="w">(DLC)sn 86091279</subfield><subfield code="w">(OCoLC)12940087</subfield></datafield><datafield ind1="0" ind2="0" tag="785"><subfield code="t">Morning journal (Albuquerque, N.M.)</subfield><subfield code="x">2375-7183</subfield><subfield code="w">(DLC)sn 84020617</subfield><subfield code="w">(OCoLC)11252370</subfield></datafield><datafield ind1="4" ind2="1" tag="856"><subfield code="u">http://www.loc.gov/chroniclingamerica/lccn/sn86063567/issues</subfield></datafield><datafield ind1="1" ind2=" " tag="029"><subfield code="a">AU@</subfield><subfield code="b">000025814145</subfield></datafield></record>